@string{POT     = {Proc. of the }}
@string{SOSP    = { SOSP}}
@string{NSDI    = { NSDI}}
@string{OSDI    = { OSDI}}
@string{USENIX  = { USENIX ATC}}
@string{PLDI    = { PLDI}}
@string{TOCS    = { ACM TOCS}}
@string{OSR     = { ACM SIGOPS OSR}}
@string{CACM    = { CACM}}
@string{EUROSYS = { EuroSys}}
@string{ASPLOS  = { ASPLOS}}
@string{CCS     = { ACM CCS}}
@string{USEC    = { Usenix Security}}
@string{IEEESP  = { IEEE S\&P}}
@string{TOPLAS  = { ACM TOPLAS}}
@string{TISSEC  = { ACM TISSEC}}
@string{OLS	= { Linux Symposium }}
@string{VLDB	= { VLDB}}
@string{SIGMOD	= { SIGMOD}}
@string{ESORICS	= { European Symposium on Research in Comp. Sec.}}
@string{NDSS	= { NDSS}}
@string{STOC    = { STOC}}

